@MISC{AndroidLint,
  title = {Lint | Android Developers},
  author = {Google},
  year = {2014},
  note = {[Accessed February 20, 2015]},
  url = {http://developer.android.com/tools/help/lint.html}
}

@MISC{JenkinsWebsite,
  title = {Jenkins CI},
  author = {Jenkins community},
  year = {2015},
  note = {[Accessed February 20, 2015]},
  url = {http://jenkins-ci.org}
}

@MISC{concolic_testing_2015,
  title = {Concolic testing},
  author = {Wikipedia},
  year = {2015},
  note = {[Accessed February 26, 2015]},
  url = {http://en.wikipedia.org/wiki/Concolic_testing}
}
